<record><leader>00000cas a2200000 a 4500</leader><controlfield tag="001">25292873</controlfield><controlfield tag="008">920218c19019999nbudn ne     s0   a0eng d</controlfield><datafield ind1=" " ind2=" " tag="010"><subfield code="a">sn 96080312 </subfield><subfield code="z">   96080312 </subfield></datafield><datafield ind1=" " ind2=" " tag="040"><subfield code="a">NBL</subfield><subfield code="b">eng</subfield><subfield code="c">NBL</subfield><subfield code="d">NVG</subfield><subfield code="d">DLC</subfield><subfield code="d">NSD</subfield><subfield code="d">CRL</subfield><subfield code="d">OCLCQ</subfield><subfield code="d">OCLCF</subfield></datafield><datafield ind1=" " ind2=" " tag="012"><subfield code="l">1</subfield></datafield><datafield ind1="1" ind2=" " tag="022"><subfield code="a">1090-4085</subfield><subfield code="l">1090-4085</subfield><subfield code="2">1</subfield></datafield><datafield ind1="1" ind2=" " tag="029"><subfield code="a">AU@</subfield><subfield code="b">000025918326</subfield></datafield><datafield ind1=" " ind2=" " tag="042"><subfield code="a">msc</subfield><subfield code="a">nsdp</subfield></datafield><datafield ind1=" " ind2=" " tag="043"><subfield code="a">n-us-nb</subfield></datafield><datafield ind1=" " ind2=" " tag="086"><subfield code="a">U0860P001-</subfield><subfield code="2">nbdocs</subfield></datafield><datafield ind1=" " ind2=" " tag="090"><subfield code="a">AN</subfield></datafield><datafield ind1=" " ind2="4" tag="222"><subfield code="a">The daily Nebraskan</subfield><subfield code="b">(Print)</subfield></datafield><datafield ind1="0" ind2="4" tag="245"><subfield code="a">The daily Nebraskan.</subfield></datafield><datafield ind1="3" ind2=" " tag="246"><subfield code="a">Summer daily Nebraskan</subfield></datafield><datafield ind1="3" ind2=" " tag="246"><subfield code="a">Nebraskan</subfield></datafield><datafield ind1=" " ind2=" " tag="260"><subfield code="a">[Lincoln, Neb. :</subfield><subfield code="b">Hesperian Pub. Co.],</subfield><subfield code="c">1901-</subfield></datafield><datafield ind1=" " ind2=" " tag="300"><subfield code="a">v. :</subfield><subfield code="b">ill. ;</subfield><subfield code="c">44 cm.</subfield></datafield><datafield ind1=" " ind2=" " tag="310"><subfield code="a">Daily (except Sat. and Sun.; weekly during the summer),</subfield><subfield code="b">Aug. 22, 1979-</subfield></datafield><datafield ind1=" " ind2=" " tag="321"><subfield code="a">Frequency varies,</subfield><subfield code="b">June 13, 1901-May 4, 1979</subfield></datafield><datafield ind1="0" ind2=" " tag="362"><subfield code="a">Vol. 1, no. 1 (June 13, 1901)-</subfield></datafield><datafield ind1=" " ind2=" " tag="500"><subfield code="a">"A newspaper devoted to the interest of the University of Nebraska."</subfield></datafield><datafield ind1=" " ind2=" " tag="500"><subfield code="a">Wartime issues published three times a week, Jan. 9, 1944-Feb. 10, 1946 with title: The Nebraskan (summer issue title varies slightly).</subfield></datafield><datafield ind1=" " ind2=" " tag="500"><subfield code="a">Title and frequency vary during summer sessions 1930-1987; published weekly during summer sessions as: Summer daily Nebraskan, 1988-</subfield></datafield><datafield ind1=" " ind2=" " tag="515"><subfield code="a">Not published during summer sessions, 1901-1929.</subfield></datafield><datafield ind1=" " ind2=" " tag="588"><subfield code="a">Description based on: Vol. 3, no. 13 (Oct. 8, 1903).</subfield></datafield><datafield ind1=" " ind2=" " tag="588"><subfield code="a">Latest issue consulted: Vol. 5, no. 4 (Sept. 28, 1905).</subfield></datafield><datafield ind1="2" ind2="0" tag="610"><subfield code="a">University of Nebraska (Lincoln campus)</subfield><subfield code="v">Newspapers.</subfield></datafield><datafield ind1="2" ind2="0" tag="610"><subfield code="a">University of Nebraska--Lincoln</subfield><subfield code="v">Newspapers.</subfield></datafield><datafield ind1=" " ind2="7" tag="655"><subfield code="a">Newspapers.</subfield><subfield code="2">fast</subfield><subfield code="0">(OCoLC)fst01423814</subfield></datafield><datafield ind1="2" ind2="7" tag="610"><subfield code="a">University of Nebraska--Lincoln.</subfield><subfield code="2">fast</subfield><subfield code="0">(OCoLC)fst00531028</subfield></datafield><datafield ind1="2" ind2="7" tag="610"><subfield code="a">University of Nebraska (Lincoln campus)</subfield><subfield code="2">fast</subfield><subfield code="0">(OCoLC)fst00531033</subfield></datafield><datafield ind1=" " ind2=" " tag="752"><subfield code="a">United States</subfield><subfield code="b">Nebraska</subfield><subfield code="c">Lancaster</subfield><subfield code="d">Lincoln.</subfield></datafield><datafield ind1="0" ind2="0" tag="780"><subfield code="t">Nebraskan-Hesperian</subfield><subfield code="w">(OCoLC)10178347</subfield></datafield><datafield ind1="0" ind2="5" tag="780"><subfield code="t">Scarlet and cream</subfield></datafield></record>